<?xml version="1.0" encoding="UTF-8"?><record xmlns="http://www.loc.gov/MARC21/slim" xmlns:cinclude="http://apache.org/cocoon/include/1.0" xmlns:zs="http://www.loc.gov/zing/srw/">
  <leader>00368cz  a2200121n  4500</leader>
  <controlfield tag="001">n  88224466 </controlfield>
  <controlfield tag="003">DLC</controlfield>
  <controlfield tag="005">19890516062258.4</controlfield>
  <controlfield tag="008">890412n| acannaab|          |n ana |||  </controlfield>
  <datafield tag="010" ind1=" " ind2=" ">
    <subfield code="a">n  88224466 </subfield>
  </datafield>
  <datafield tag="040" ind1=" " ind2=" ">
    <subfield code="a">DLC</subfield>
    <subfield code="c">DLC</subfield>
  </datafield>
  <datafield tag="110" ind1="2" ind2="0">
    <subfield code="a">Pandora Mines Co.</subfield>
  </datafield>
  <datafield tag="670" ind1=" " ind2=" ">
    <subfield code="a">NUCMC data from Colo. Hist. Soc. Lib. for Its Records, 1879-1960</subfield>
    <subfield code="b">(Pandora Mines Co., Colo. corp., near Leadville)</subfield>
  </datafield>
</record>